http://wiki.ros.org/melodic/Installation/Ubuntu