@incollection{joseph2018kick,
  title={Kick-Starting Robot Programming Using ROS},
  author={Joseph, Lentin},
  booktitle={Robot Operating System (ROS) for Absolute Beginners},
  pages={127--170},
  year={2018},
  publisher={Springer}
}
@article{de2006robotica,
  title={Rob{\'o}tica: Estado del arte},
  author={de Garibay Pascual, Jonathan Ruiz},
  journal={Universidad de Deuston. N{\'u}mero. Fecha},
  pages={54},
  year={2006}
}