@misc{ Nobody06,
		author = "Wikipedia",
		title = "Módulo de Young",
		Publisher = "Wikipedia: The free encyclopedia",
		year = "2019"}

@misc{ Nobody07,
		author = "Wikipedia",
		title = "Coeficiente de Poisson",
		Publisher = "Wikipedia: The free encyclopedia",
		year = "2019"}

@misc{ Nobody08,
		author = "Wikipedia",
		title = "Módulo de cizalladura",
		Publisher = "Wikipedia: The free encyclopedia",
		year = "2019"}