@article{Morales:2009,
  author    = {E.F. Morales and L.E. Sucar},
  title     = {Los Robots del Futuro y su Importancia para M\'exico},
  journal   = {Komputer Sapiens},
  volume    = {1},
  number    = {2},
  year      = {2009},
  pages     = {7-12}
}
@article{de2006robotica,
  title={Rob{\'o}tica: Estado del arte},
  author={de Garibay Pascual, Jonathan Ruiz},
  journal={Universidad de Deuston. N{\'u}mero. Fecha},
  pages={54},
  year={2006}
}