@incollection{joseph2018kick,
  title={Gazebo y su entorno de trabajo},
  author={Joseph, Lentin},
  booktitle={Robot Operating System (ROS) for Absolute Beginners},
  pages={127--170},
  year={2018},
  publisher={Springer}
}
@article{de2006robotica,
  title={Solidworks to Blender, export},
  author={de Garibay Pascual, Jonathan Ruiz},
  journal={Universidad de Deuston. N{\'u}mero. Fecha},
  pages={54},
  year={2006}
}